@Book{StockWatson2019Introduction,
  author    = {Stock, James H. AND Watson, Mark W.},
  publisher = {Pearson},
  title     = {Introduction to Econometrics},
  year      = {2019},
}

@Comment{jabref-meta: databaseType:bibtex;}
